3590 4834
473 44 1061 126 irritaturus,
1301 61 1366 146 ³⁸3

383 169 1163 330 prorosirm'mdrniuom.

663 395 856 470 Throrema.
923 403 926 410 ’
1109 331 1125 342 r

151 567 348 658 Spbtraesunt
371 571 448 640 r'nttr
461 571 499 649 st
520 571 553 640 r'n
574 571 691 638 ratione
707 566 888 654 triplicata,
910 557 986 648 idel!
1007 579 1041 632 ut
1061 563 1129 632 eutr·
1148 562 1384 638 diametrorum.

630 748 889 828 Demonstratio.
953 831 957 838 Ι

174 931 298 1006 ornnes
319 927 463 1016 cylindri
483 929 608 1020 spheris
628 929 858 1022 circumscripti
880 931 897 1008 (
914 925 1051 1002 bennit.
1070 941 1124 998 22.
1150 931 1164 1012 )
1186 924 1300 998 habent
1331 927 1403 998 dia·

44 1076 51 1084 ,
129 1037 249 1089 metros
268 1017 384 1086 balium
405 1024 531 1104 aquales
553 1022 789 1100 altitudinibusr
812 1019 946 1104 ideoque
969 1020 982 1103 (
1002 1015 1139 1088 Delioit.
1158 1015 1208 1085 18.
1230 1020 1247 1096 )
1267 1013 1346 1117 ‘sunt
1367 1019 1407 1082 sr-
1468 1044 1471 1057 =

133 1107 249 1172 milet.
269 1101 300 1170 C
322 1103 422 1174 lindri
446 1128 548 1177 autem
572 1111 688 1178 similes
712 1106 869 1184 (Coroll.
888 1125 920 1188 3.
944 1111 1033 1186 Prop.
1059 1111 1109 1173 16.
1131 1104 1143 1180 )
1166 1105 1236 1172 sunt
1265 1124 1349 1173 rnter
1372 1105 1402 1172 se
1551 1127 1558 1137 “

130 1209 168 1256 ur
190 1187 263 1258 cubi
308 1191 511 1260 lametrorum
533 1196 667 1264 balium.
690 1203 855 1273 Praeterea,
877 1192 949 1270 quia
968 1189 1128 1288 (I'ropos.
1150 1209 1250 1257 antec.
1267 1195 1281 1268 )
1298 1191 1407 1278 'cylin-
1512 1233 1519 1248 ·

132 1277 207 1342 drus
215 1276 333 1361 irmper
350 1275 395 1344 eli
411 1279 451 1344 ad
469 1277 614 1362 sphaeram
632 1279 687 1348 libi
706 1278 889 1360 inscriptum
900 1275 989 1342 sicuti
1000 1293 1016 1358 3
1027 1297 1037 1341 r
1050 1291 1092 1357 2,
1114 1274 1211 1358 ideo(
1221 1275 1384 1346 Atriorum.
1396 1274 1421 1360 )'

130 1363 267 1444 quilibet
289 1386 308 1430 c
333 1362 455 1432 liodrut
475 1364 519 1433 eli
541 1367 581 1434 td
604 1363 749 1450 sphaeram
771 1365 828 1433 fibi
849 1360 1054 1445 inscriptam,
1077 1362 1168 1430 fituti
1191 1363 1273 1429 alius
1304 1362 1411 1448 cylin-

133 1449 209 1516 dror
230 1448 269 1516 ad
306 1449 437 1529 pharam
458 1449 515 1518 libi
536 1451 745 1530 inscriptam
777 1453 819 1516 dr
833 1443 1047 1533 alternando,
1075 1449 1143 1522 trit
1171 1446 1337 1536 cylindrus
1366 1447 1411 1518 td
1492 1460 1494 1472 '

130 1533 230 1599 alium
253 1533 386 1598 srmilem
407 1533 610 1616 cylindrum,
630 1532 719 1600 licuti
742 1533 856 1614 sphera
879 1531 916 1596 in
938 1534 1044 1614 primo
1066 1535 1218 1620 inscripta
1249 1535 1289 1604 ad
1311 1535 1409 1622 lpha-

131 1637 197 1682 ram
220 1616 404 1700 inscriptam
426 1617 464 1684 in
485 1620 608 1688 altero.
629 1617 785 1706 Cylindri
808 1641 884 1689 vero
908 1618 976 1687 sunt
999 1619 1083 1688 inter
1105 1619 1137 1690 se
1170 1641 1205 1688 ut
1235 1621 1309 1690 tubi
1338 1624 1409 1692 dia·

130 1719 302 1772 metrorum
324 1703 456 1784 baliumr
482 1727 559 1790 ergo
580 1705 594 1781 (
617 1708 746 1774 Axium.
772 1723 801 1774 r.
822 1711 836 1782 )
859 1703 956 1772 etiam
978 1702 1098 1786 splroerae
1128 1723 1221 1790 erunt
1259 1706 1345 1774 inter
1375 1711 1408 1780 se

128 1809 165 1858 ut
195 1789 267 1864 ctrlri
290 1787 410 1858 suarum
432 1789 679 1872 diametrorum,
703 1812 767 1874 qua
790 1793 806 1869 (
830 1787 966 1858 Definit.
990 1806 1039 1852 22.
1059 1794 1076 1864 )
1099 1787 1272 1860 diametros
1293 1791 1408 1860 balium

11 1947 12 1950 ,
129 1877 317 1944 eorumdem
339 1875 559 1962 cylindrorum
581 1875 760 1960 adaquant.
780 1877 854 1945 Sive
875 1893 966 1942 erunt
988 1874 1126 1944 irrttrde
1147 1893 1182 1944 ut
1203 1873 1272 1944 tubi
1303 1874 1409 1946 radio-

130 1985 202 2034 tum
212 1983 319 2062 ,tum
342 1960 524 2064 radiorum,
545 1965 579 2032 dt
601 1964 827 2066 diametrorum
850 1959 934 2028 ratio
956 1965 1062 2030 eadem
1094 1961 1157 2032 lit.
1188 1967 1271 2048 Ergo
1299 1961 1412 2048 sphera

453 2041 962 2210 :trrnrrrrrrrur
1071 2047 1316 2178 ιιι-ι·
1405 2135 1409 2142 -

661 2303 900 2382 coronarunt
1036 2273 1039 2280 A

172 2471 263 2557 Ergo
283 2469 395 2575 [phara
405 2523 419 2558 ,
440 2473 526 2561 cujus
548 2475 701 2548 diameter
723 2475 762 2544 lit
784 2495 837 2560 2,
859 2475 902 2545 ad
930 2471 1075 2561 spbar'am
1098 2523 1111 2560 ‚
1136 2475 1223 2562 cuim
1251 2473 1406 2552 diameter
1420 2520 1472 2577 ,ιι

126 2560 315 2641 firment
338 2579 371 2629 ut
395 2559 415 2629 8
438 2587 448 2630 r
472 2569 554 2644 2163
577 2563 630 2634 sed
661 2562 780 2634 edd:
806 2565 869 2628 216
892 2575 938 2626 Ξ
964 2581 1006 2634 t:
1038 2581 1114 2647 27,
1143 2565 1217 2634 ideo
1245 2565 1495 2637 diametttxtv.

126 2647 247 2734 tripla,
268 2647 341 2730 scu,
361 2650 445 2732 quod
468 2649 554 2720 idem
576 2650 640 2733 cll,
661 2650 763 2718 rudius
786 2649 897 2734 triplus
927 2651 1074 2732 producit
1103 2647 1250 2734 sphaeram
1278 2653 1400 2738 viginti
1414 2641 1485 2750 ἷῗῗῑ

127 2733 248 2818 septem
270 2735 355 2805 tices
377 2735 549 2822 majorem.
571 2737 727 2807 Similiter
748 2737 854 2806 radius
875 2735 1058 2824 quintuplus
1079 2737 1230 2808 describit
1261 2739 1406 2824 lphoeram
1484 2801 1490 2816 .

127 2821 400 2920 ctntumjiginti
420 2823 556 2906 quinque
577 2825 663 2900 uices
685 2822 836 2904 majorem
853 2822 1406 2912 lpbzradesttiptaatadiofimplou

449 3413 706 3524 Blrmemomt
726 3441 921 3520 <immid
944 3443 1067 3520 ntus.
